@book{Aho:72,
    author = {Aho, Alfred V. and Ullman, Jeffrey D.},
    title = {The Theory of Parsing, Translation and Compiling},
    volume = {1},
    year = {1972},
    publisher = {Prentice-{Hall}},
    location = {Englewood Cliffs, NJ},
}

@manual{APA:83,
    author = {{American Psychological Association}},
    title = {Publications Manual},
    year = {1983},
    publisher = {{American Psychological Association}},
    location = {Washington, DC} ,
}

@periodical{ACM:83,
    editor = {{Association for Computing Machinery}},
    title = {{Computing Reviews}},
    volume = {24},
    number = {11},
    year = {1983},
    pages = {503-512}
}

@article{Chandra:81,
    author = {Chandra, Ashok K. and Kozen, Dexter C. and Stockmeyer, Larry J.},
    title = {Alternation},
    journal = {{Journal of the Association for Computing Machinery}},
    volume = {28},
    number = {1},
    year = {1981},
    pages = {114-133},
}

@book{Gusfield:97,
    author = {Gusfield, Dan},
    title = {Algorithms on Strings, Trees and Sequences},
    year = {1997},
    publisher = {Cambridge University Press},
    location = {Cambridge, UK}
}
